% Encoding: windows-1252

@Misc{holland2008,
  Title                    = {{The ‘Bookpurnong Experiment’: will groundwater management and flooding improve the health of the floodplain vegetation?}},
  Author                   = {K.L. Holland and I.D. Jolly and K.L. McEwan1 and T.M. Doody and M. White and V. Berens and N. Souter},
  Year                     = {2008},
  Publisher                = {2nd International Salinity Forum: Salinity, Water and Society – Global issues, local action. Adelaide, Australia.},
}

@Book{fleisch2008,
  Title                    = {A Student's guide to Maxwell's equations},
  Author                   = {Fleisch, Daniel},
  Publisher                = {Cambridge University Press},
  Year                     = {2008}
}

@Book{griffiths1999,
  Title                    = {Introduction to electrodynamics},
  Author                   = {Griffiths, David J},
  Publisher                = {Prentice-Hall},
  Year                     = {1999}
}

@Book{haber2014,
  Title                    = {Computational Methods in Geophysical Electromagnetics},
  Author                   = {Haber, Eldad},
  Publisher                = {SIAM},
  Year                     = {2014},
  Volume                   = {1}
}

@Book{hertz1893,
  Title                    = {Electric waves: being researches on the propagation of electric action with finite velocity through space},
  Author                   = {Hertz, Heinrich},
  Publisher                = {Dover Publications},
  Year                     = {1893}
}

@Article{LiDWO1999,
  Title                    = {Estimating depth of investigation in DC resistivity and IP surveys},
  Author                   = {Li, Yaoguo and Oldenburg, Douglas W},
  Journal                  = {Geophysics},
  Year                     = {1999},
  Number                   = {2},
  Pages                    = {403-416},
  Volume                   = {64},
  Owner                    = {dominiquef},
  Timestamp                = {2016.04.10}
}

@Book{maxwell1865,
  Title                    = {A dynamical theory of the electromagnetic field},
  Author                   = {James C. Maxwell},
  Publisher                = {Philosophical Transactions of the Royal Society},
  Year                     = {1865}
}

@Article{maxwell1861,
  Title                    = {XLIV. On physical lines of force},
  Author                   = {Maxwell, James C},
  Journal                  = {The London, Edinburgh, and Dublin Philosophical Magazine and Journal of Science},
  Year                     = {1861},
  Number                   = {140},
  Pages                    = {281--291},
  Volume                   = {21},
  Publisher                = {Taylor \& Francis}
}

@Article{oldenburg1994,
  Title                    = {Inversion of induced polarization data},
  Author                   = {Oldenburg, Douglas W and Li, Yaoguo},
  Journal                  = {Geophysics},
  Year                     = {1994},
  Number                   = {9},
  Pages                    = {1327--1341},
  Volume                   = {59},
  Publisher                = {Society of Exploration Geophysicists}
}

@Misc{poole1981,
  Title                    = {A reassessment of the Mount Novit Prospect: unpublished company report},
  Author                   = {Poole, J.R.},
  Year                     = {1981}
}

@Article{russel1978,
  Title                    = {The Mount Novit Pb-Ag-Zn Deposit - variations on a Mount Isa theme},
  Author                   = {Russel, R.R.},
  Journal                  = {Third Australian Geological Convention, Geological Society Australia},
  Year                     = {1978},
  Volume                   = {31}
}

@Article{rutley2001,
  Title                    = {2-D and 3-D IP/resistivity inversion for the interpretation of Isa-style targets},
  Author                   = {Rutley, Andrea and Oldenburg, Douglas W and Shekhtman, Roman},
  Journal                  = {Exploration Geophysics},
  Year                     = {2001},
  Number                   = {3/4},
  Pages                    = {156--159},
  Volume                   = {32},
  Publisher                = {Australian Society of Exploration Geophysicists (ASEG) PO Box 8463, Perth Business Centre WA 6849 Australia}
}

@Book{stratton1941,
  Title                    = {{Electromagnetic Theory}},
  Author                   = {Stratton, Julius Adams},
  Publisher                = {McGraw-Hilll},
  Year                     = {1941}
}

@InCollection{ward1988,
  Title                    = {{Electromagnetic Theory for Geophysical Applications}},
  Author                   = {Ward, Stanley H and Hohmann, Gerald W},
  Booktitle                = {Electromagnetic Methods in Applied Geophysics},
  Publisher                = {Society of Exploration Geophysicists},
  Year                     = {1988},
  Chapter                  = {4},
  Edition                  = {1},
  Pages                    = {130--311},
  Doi                      = {10.1190/1.9781560802631.ch4},
  Url                      = {https://library.seg.org/doi/abs/10.1190/1.9781560802631.ch4}
}


@incollection{ward1990,
  author = {Stanley H. Ward},
  title = {6. Resistivity and Induced Polarization Methods},
  booktitle = {Geotechnical and Environmental Geophysics},
  chapter = {6},
  pages = {147-190},
  year={1990},
  publisher={Society of Exploration Geophysicists},
  url = {https://library.seg.org/doi/abs/10.1190/1.9781560802785.ch6}
}


@article{waxman1968,
  author = {Waxman, M H and Smits, L J M},
  doi = {10.2118/1863-A},
  journal = {Society of Petroleum Engineers Journal},
  number = {02},
  publisher = {Society of Petroleum Engineers},
  title = {{Electrical Conductivities in Oil-Bearing Shaly Sands}},
  volume = {8},
  year = {1968}
}

@Article{pelton1978,
  author    = {Pelton, W and Ward, S and Hallof, P and Sill, W and Nelson, P},
  title     = {{Mineral discrimination and removal of inductive coupling with multifrequency IP}},
  journal   = {Geophysics},
  year      = {1978},
  volume    = {43},
  number    = {3},
  pages     = {588--609},
  doi       = {10.1190/1.1440839},
  isbn      = {0016-8033},
  publisher = {Society of Exploration Geophysicists},
}


@article{cole1941,
   author = {Cole, Kenneth S. and Cole, Robert H.},
   title = {{Dispersion and Absorption in Dielectrics I. Alternating Current Characteristics}},
   journal = {The Journal of Chemical Physics},
   year = {1941},
   volume = {9},
   number = {4},
   pages = {341-351},
   url = {https://scitation.aip.org/content/aip/journal/jcp/9/4/10.1063/1.1750906},
}

@article{Neel1949,
	author = {N{\'{e}}el, M. Louis},
	journal = {Annales de Geophysique},
	pages = {99--136},
	title = {{Th{\'{e}}orie du tra{\^{i}}nage magn{\'{e}}tique des ferromagn{\'{e}}tiques en grains fins avec application aux terres cuites}},
	volume = {5},
	year = {1949}
}

@article{Buselli1982,
author = {Buselli, G},
journal = {Geophysics},
number = {9},
pages = {1315--1324},
title = {{The effect of near-surface superparamagnetic material on electromagnetic measurements}},
volume = {47},
year = {1982}
}

@article{Lee1984,
author = {Lee, T},
journal = {Geophysical Prospecting},
number = {March 1983},
pages = {480--496},
title = {{The Effect of a Superparamagnetic Layer}},
volume = {32},
year = {1984}
}

@article{Dabasetal1992,
author = {Dabas, M and Jolivet, A and Tabbagh, A},
journal = {Geophysical Journal International},
number = {1},
pages = {101--109},
title = {{Magnetic-Susceptibility and Viscosity of Soils in a Weak Time-Varying Field}},
volume = {108},
year = {1992}
}

@book{DunlopOzdemir1997,
author = {Dunlop, David J and {\"{O}}zdemir, {\"{O}}zden},
booktitle = {Cambridge Studies in Magnetism (No. 3)},
publisher = {Cambridge University Press},
issn = {1098-6596},
pages = {595},
title = {{Rock Magnetism}},
year = {1997}
}

@article{Das2006,
author = {Das, Y.},
journal = {IEEE Transactions on Geoscience and Remote Sensing},
number = {6},
pages = {1444--1453},
title = {{Effects of soil electromagnetic properties on metal detectors}},
volume = {44},
year = {2006}
}


@phdthesis{Pasion1999,
author = {Pasion, L. R.},
title = {Inversion of Time Domain Electromagnetic Data for the Detection of Unexploded Ordnance},
school = {Univ. of British Columbia},
year = {1999}
}

@phdthesis{Pasion2007,
author = {Pasion, L. R.},
title = {{Inversion of time domain electromagnetic data for the detection of unexploded ordnance}},
school = {Univ. of British Columbia},
year = {2007}
}

@article{PasionOldenburg2001,
author = {Pasion, L. R. and Oldenburg, D. W.},
title = {A discrimination algorithm for UXO using time domain electromagnetic induction},
journal = {Journal of Environmental and Engineering Geophysics},
volume = {6},
year = {2001},
pages = {91--102}
}

@mastersthesis{Cowan2016,
author = {Cowan, D. C.},
title = {Forward Modeling and Inversion of Viscous Remanent Magnetization Responses in the Time Domain},
school = {Univ. of British Columbia},
year = {2016}
}

@article{Belletal2001a,
author = {Bell, T. and Barrow, B. and Miller J. T. and Keiswetter, D.},
title = {Time and frequency domain electromagnetic induction signatures of unexploded ordnance},
journal = {Subsurface Sensing Technologies and Applications},
volume = {2},
pages = {153--175},
year = {2001}
}

@article{Belletal2001b,
author = {Bell, T. and Barrow, B. and Miller J. T.},
title = {Subsurface discrimination using electromagnetic induction sensors},
journal = {IEEE Transactions on Geoscience and Remote Sensing},
volume = {39},
pages = {1286--1293},
year = {2001}
}

@article{Zhangetal2003,
author = {Zhang, Y. and Collins, L. M. and Yu, H. and Baum, C. E. and Carin, L.},
title= {Sensing of unexploded ordnance with magnetometer and induction data; theory and signal processing},
journal = {IEEE Transactions on Geoscience and Remote Sensing},
volume = {41},
pages = {1005--1015},
year = {2003}
}


@article{viezzoli2009,
author = {Andrea Viezzoli and Esben Auken and Tim Munday},
title = {Spatially constrained inversion for quasi 3D modelling of airborne electromagnetic data – an application for environmental assessment in the Lower Murray Region of South Australia},
journal = {Exploration Geophysics},
volume = {40},
number = {2},
pages = {173-183},
year = {2009},
doi = {https://doi.org/10.1071/EG08027}
}

@techreport{Humphries2008,
	author = {M Humphries},
	title = {{North American Oil Sands: History of Development, Prospects for Future}},
	institution = {Congressional Research Service},
	year = {2008},
}

@misc{Smithetal2003,
author = {Smith, J. T. and Morrison, H. F. and Becker, A.},
title = {Parametric forms and the inductive response of a permeable conductive sphere},
year = {2003},
howpublished = {Lawrence Berkeley National Laboratory}
}

@article{Broughton2013,
	author = {P L Broughton},
	title = {{Devonian salt dissolution-collapse breccias flooring the Cretaceous Athabasca oil sands deposit and development of lower McMurray Formation sinkholes, northern Alberta Basin, Western Canada}},
	journal = {Sedimentary Geology},
	volume = {283},
	pages = {57-82},
	year = {2013},
}

@article{DevrieseOldenburg2016,
	author = {S G R Devriese and D W Oldenburg},
	title = {{Feasibility of electromagnetic methods to detect and image steam-assisted gravity drainage steam chambers}},
	journal = {Geophysics},
	year = {2016},
	volume = {81},
	pages = {E227-E241},
	doi = {https://doi.org/10.1190/geo2015-0451.1}
}

@inproceedings{DevrieseOldenburg2016a,
author = {Devriese, Sarah and Oldenburg, Douglas W.},
booktitle = {SEG Technical Program Expanded Abstracts 2016},
organization = {Society of Exploration Geophysicists},
title = {{From exploration to reclamation: Using EM methods at SAGD sites in the Athabasca oil sands}},
year = {2016},
pages = {965--970},
doi = {https://doi.org/10.1190/segam2016-13842507.1}
}

@inproceedings{Cristall2004,
	author = {J Cristall and C Farquharson and D Oldenburg},
	title = {{Airborne Electromagnetic Inversion Applied to Oil Sands Exploration}},
	booktitle = {2004 CSEG National Convention},
	year = {2004},
}

@article{Cowie2015,
	author = {B R Cowie and B James and B Mayer},
	title = {{Distribution of total dissolved solids in the McMurray Formation water in the Athabasca oil sands region, Alberta, Canada: Implications for regional hydrogeology and resource development}},
	journal = {American Association of Petroleum Geologists Bulletin},
	volume = {99},
	pages = {77-90},
	year = {2015},
}

@article{FarquharsonOldenburg1993,
	author = {C G Farquharson and D W Oldenburg},
	title = {{Inversion of time-domain electromagnetic data for a horizontally layered Earth}},
	journal = {Geophys. J. Int.},
	volume = {114},
	pages = {433-442},
	year = {1993},
}

@inproceedings{FournierEtAl2014,
	author = {D Fournier and L Heagy and N Corcoran and D Cowan and S G R Devriese and D Bild-Enkin K Davis and S Kang and D Marchant and M S McMillan and M Mitchell and G Rosenkjar and D Yang and D W Oldenburg},
	title = {{Multi-EM systems inversion - Towards a common conductivity model for the Tli Kwi Cho complex}},
	booktitle = {SEG Technical Program Expanded Abstracts 2014},
	year = {2014},
	pages = {1795-1799},
}

@article{Wait1951,
	author = {Wait, J. R.},
	title = {{A conductive sphere in a time varying magnetic field}},
	journal = {Geophysics},
	volume = {16},
	pages = {666-672},
	year = {1951}
}

@article{WaitSpies1969,
	author = {Wait, J. R. and Spies, K. P.},
	title = {{Quasi-static transient response of a conducting permeable sphere}},
	journal = {Geophysics},
	volume = {34},
	number = {5},
	pages = {789-792},
	year = {1969}
}

@article{ZhdanovEtAl2013,
	author = {M S Zhdanov and L Cox and J Rudd},
	title = {{Paradigm change in 3D inversion of airborne EM surveys: case study for oil sands exploration near Fort McMurray, Alberta}},
	journal = {First Break},
	volume = {31},
	pages = {81-85},
	year = {2013}
}

@article{YangEtAl2014,
	author = {D Yang and D W Oldenburg and E Haber},
	title = {{3-D inversion of airborne electromagnetic data parallelized and accelerated by local mesh and adaptive soundings}},
	journal = {Geophysical Journal International},
	volume = {196},
	pages = {1492-1507},
	year = {2014},
}

@article{ClarkEmerson1991,
	author = {Clark, D. A. and Emerson, D. W.},
	doi = {10.1071/EG991547},
	issn = {0812-3985},
	journal = {Exploration Geophysics},
	pages = {547-555},
	title = {{Notes on rock magnetization characteristics in applied geophysical studies}},
	volume = {22},
	year = {1991}
}


@article{Imperial2013,
	author = {A Kennedy},
	title = {{Application for Approval of the Aspen Project}},
	journal = {Imperial Oil},
	volume = {1},
	year = {2013},
}

@misc{rosewood81,
	title = {{Well Federal 8919 72-23}},
	author = {{The Rosewood Corporation}},
	year = {1981}
}

@misc{rosewood81b,
	title = {{Well Eleven Mile Canyon 52-14}},
	author = {{The Rosewood Corporation}},
	year = {1981}
}

@article{skord11,
	author = {J Skord and C Sladek and M Coolbaugh and P H Cashman and M Lazaro and C Kratt},
	title = {{Two-meter Temperature Surveys for Geothermal Exploration Project at NAS Fallon}},
	journal = {Geothermal Resources Council Transactions},
	volume = {35},
	pages = {1023-1027},
	year = {2011}
}

@misc{hess97,
	author = {R H Hess and G L Johnson},
	title = {{County digital geologic maps of Nevada}},
	howpublished = {Nevada Bureau of Mines and Geology Open-File Report 97-1, CR-ROM, 1:250,000},
	year = {1997}
}

@misc{page65,
	author = {B M Page},
	title = {{Preliminary geologic map of a part of the Stillwater Range, Churchill County, Nevada}},
	howpublished = {Nevada Bureau of Mines},
	year = {1965}
}

@article{mank08,
	author = {N. Mankhemthong and G. L. Oppliger and Z. Aslett},
	title = {{Structural localization of two low temperature geothermal systems within the gravity defined linkage between Dixie Valley and Fairview Valley, Nevada}},
	journal = {Geothermal Resources Council Transactions},
	volume = {32},
	pages = {291-295},
	year = {2008}
}

@article{helton11,
	author = {E L Helton and J W Bell and P H Cashman and M Lazaro and S Alm},
	title = {{Structural analysis of Southern Dixie Valley using LiDAR and low-sun-angle aerial photography, NAS Fallon Geothermal Exploration Project, Dixie Valley, Nevada}},
	journal = {Geothermal Resources Council Transactions},
	volume = {35},
	pages = {811-815},
	year = {2011}
}

@article{lazaro11,
	author = {M Lazaro and S Alm and A Tiedeman and C Page and D Meade and J Shoffner and K Bucher},
	title = {{Department of the Navy Geothermal Exploration on Naval Air Station Fallon (NASF) Managed Lands in Dixie Valley, Nevada}},
	journal = {Geothermal Resources Council Transactions},
	volume = {35},
	pages = {873-877},
	year = {2011}
}

@article{holtham10,
	author = {E Holtham and D W Oldenburg},
	title = {{Three-dimensional inversion of ZTEM data}},
	journal = {Geophysical Journal International},
	volume = {182},
	pages = {168-182},
	year = {2010}
}

@article{lo08,
	author = {B Lo and M Zang},
	title = {{Numerical modeling of Z-TEM (airborne AFMAG) responses to guide exploration strategies}},
	journal = {SEG Extended Abstracts},
	volume = {27},
	pages = {1098-1102},
	year = {2008}
}

@inproceedings{wannamaker07,
	author = {P E Wannamaker and W M Doerner and D P Hasterok},
	title = {{Integrated dense array and transect MT surveying at Dixie Valley Geothermal Area, Nevada; structural controls, hydrothermal alteration and deep fluid sources}},
	booktitle = {Thirty-Second Workshop on Geothermal Reservoir Engineering},
	year = {2007}
}

@inproceedings{blackwell07,
	author = {D D Blackwell and R P Smith and M C Richards},
	title = {{Exploration and development at Dixie Valley, Nevada: Summary of DOE studies}},
	booktitle = {Thirty-Second Workshop on Geothermal Reservoir Engineering},
	year = {2007}
}

@inproceedings{blackwell99,
	author = {D D Blackwell and K W Wisian and D Benoit and B Gollan},
	title = {{Structure of the Dixie Valley Geothermal System, a "typical" Basin and Range geothermal system, from thermal and gravity data}},
	booktitle = {World Geothermal Congress},
	pages = {525-531},
	year = {1999}
}

@inproceedings{DevrieseEtAl2012,
	author = {S G R Devriese and D W Oldenburg and J D Shoffner},
	title = {{Three-Dimensional Inversion of ZTEM Data at the Elevenmile Canyon Geothermal System, Nevada}},
	booktitle = {GRC Transactions},
	year = {2012},
}

@inproceedings{blackwell00,
	author = {D D Blackwell B Golan and D Beniot},
	title = {{Thermal regime in the Dixie Valley geothermal system}},
	booktitle = {World Geothermal Congress},
	pages = {991-996},
	year = {2000}
}

@misc{penfield10,
	author = {R Penfield and L Shevenell and L Garside and R Zehner},
	title = {{Nevada Geothermal Resources - Map 161}},
	howpublished = {Nevada Bureau of Mines and Geology},
	year = {2010}
}

@mastersthesis{mankhemthong08,
	author = {N Mankhemthong},
	title = {{Structure of the Inter-Basin Transition Zone between Dixie Valley and Fairview Valley, Nevada, USA}},
	school = {University of Nevada, Reno},
	year = {2008}
}

@inproceedings{FauldsEtAl2011,
	author = {J E Faulds and N H Hinz and M F Coolbaugh and P H Cashman and C Kratt and G Dering and J Edwards and B Mayhew and H McLachlan},
	title = {{Assessment of Favorable Structural Settings of Geothermal Systems in the Great Basin, Western USA}},
	booktitle = {GRC Transactions},
	year = {2011},
}

@article{Munoz2014,
	author = {G Munoz},
	title = {{Exploring for Geothermal Resources with Electromagnetic Methods}},
	journal = {Surv Geophys},
	volume = {35},
	pages = {101-122},
	year = {2014}
}

% ===================================================
% Balboa start
@inproceedings{burge2014,
address = {Toronto, Canada},
author = {Burge, C},
booktitle = {PDAC Prospectors and Developers Convention},
title = {A new porphyry copper deposit at Cobre Panama project},
year = {2014}
}

@article{fiscor2014,
author = {Fiscor, Steve},
journal = {Engineering and Mining Journal},
number = {5},
pages = {32},
publisher = {Mining Media, Inc.},
title = {{Mineral Exploration Strategies}},
volume = {215},
year = {2014}
}

@techreport{gray2015,
author = {Gray, D and Lawolr, M and Stone, R},
pages = {238},
title = {{Cobre Panama Project: Technical report (NI 43-101) for First Quantum Minerals Ltd.}},
institution = {Colon Province, Republic of Panama},
year = {2015}
}
@techreport{hollings2013,
author = {Hollings, P and Baker, M},
pages = {8},
title = {{Cobre Panama geochronology update: AMIRA project P1060, report to Minera Panama S. A.}},
institution = {Cobre Panama geochronology},
year = {2013}
}
@article{holtham2010,
author = {Holtham, Elliot and Oldenburg, Douglas W},
journal = {Geophysical Journal International},
number = {1},
pages = {168--182},
publisher = {Oxford University Press},
title = {{Three-dimensional inversion of ZTEM data}},
volume = {182},
year = {2010}
}
@inproceedings{holtham2008,
author = {Holtham, Elliot and Oldenburg, Douglas W and Others},
booktitle = {2008 SEG Annual Meeting},
organization = {Society of Exploration Geophysicists},
title = {{Three-dimensional forward modelling and inversion of Z-TEM data}},
year = {2008}
}
@phdthesis{hoschke2010,
author = {Hoschke, Terence},
school = {University of Tasmania},
title = {{Geophysical signatures of copper-gold porphyry and epithermal gold deposits, and implications for exploration}},
year = {2010}
}

@inproceedings{izarra2011,
author = {Izarra, Carlos and Legault, Jean and Fontura, Cristiano},
booktitle = {12th International Congress of the Brazilian Geophysical Society},
title = {{ZTEM airborne tipper AFMAG results over the Copaquire porphyry, northern Chile}},
year = {2011}
}
@article{labson1985,
author = {Labson, Victor Franklin and Becker, A and Morrison, H F and Conti, U},
journal = {Geophysics},
number = {4},
pages = {656--664},
publisher = {Society of Exploration Geophysicists},
title = {{Geophysical exploration with audiofrequency natural magnetic fields}},
volume = {50},
year = {1985}
}
@inproceedings{legault2012a,
author = {Legault, Jean M and Others},
booktitle = {2012 SEG Annual Meeting},
organization = {Society of Exploration Geophysicists},
title = {{Ten years of passive airborne AFMAG EM development for mineral exploration}},
year = {2012}
}
@article{legault2012b,
author = {Legault, Jean and Wilson, Glenn A and Gribenko, Alexander V and Zhdanov, Michael S and Zhao, Shengkai and Fisk, Keith},
journal = {Preview},
number = {158},
pages = {26--32},
publisher = {CSIRO},
title = {{An overview of the ZTEM and AirMt airborne electromagnetic systems: a case study from the Nebo--Babel Ni--Cu--PGE deposit, West Musgrave, Western Australia}},
volume = {2012},
year = {2012}
}
@inproceedings{legault2015,
author = {Legault, Jean M and Lymburner, Josh and Ralph, Kevin and Wood, Peter and Orta, Marta and Prikhodko, Alexander and Bournas, Nasreddine},
booktitle = {SEG Technical Program Expanded Abstracts 2015},
organization = {Society of Exploration Geophysicists},
title = {{The Albany graphite discovery - a airborne and ground time-domain EM}},
year = {2015},
pages = {2056--2060},
doi = {https://doi.org/10.1190/segam2015-5908480.1}
}

@article{sattel2012,
author = {Sattel, Daniel and Witherly, Ken},
journal = {ASEG Extended Abstracts},
number = {1},
pages = {1--4},
publisher = {CSIRO},
title = {{Extracting information from ZTEM data with 2D inversions}},
volume = {2012},
year = {2012}
}
@article{vozoff1972,
author = {Vozoff, Keeva},
journal = {Geophysics},
number = {1},
pages = {98--141},
publisher = {Society of Exploration Geophysicists},
title = {{The magnetotelluric method in the exploration of sedimentary basins}},
volume = {37},
year = {1972}
}

@Article{ward1959,
  author  = {Ward, S H},
  title   = {{AFMAG—AIRBORNE AND GROUND}},
  journal = {GEOPHYSICS},
  year    = {1959},
  volume  = {24},
  number  = {4},
  pages   = {761--787},
  doi     = {10.1190/1.1438657},
}

% Balboa end
% ===================================================

% ===================================================
% Rockglacier start
@book{annan2007,
author = {Annan, A P},
title = {Near-Surface Geophysics, 11. Ground-Penetrating Radar},
publisher = {Society of Exploration Geophysicists},
doi = {10.1190/1.9781560801719.ch11},
pages = {357--438},
url = {https://library.seg.org/doi/abs/10.1190/1.9781560801719.ch11},
year = {2007}
}
@book{barch1996,
author = {Barsch, Dietrich},
publisher = {Springer Science {\&} Business Media},
title = {{Rockglaciers: indicators for the present and former geoecology in high mountain environments}},
volume = {16},
year = {1996}
}
@article{buchli2013,
author = {Buchli, Thomas and Merz, Kaspar and Zhou, Xiaohai and Kinzelbach, Wolfgang and Springman, Sarah M},
journal = {Vadose Zone Journal},
number = {1},
publisher = {The Soil Science Society of America, Inc.},
title = {{Characterization and monitoring of the Furggwanghorn rock glacier, Turtmann Valley, Switzerland: results from 2010 to 2012}},
volume = {12},
year = {2013}
}
@article{burger1999,
author = {Burger, K C and Degenhardt, J J and Giardino, J R},
journal = {Geomorphology},
number = {1},
pages = {93--132},
publisher = {Elsevier},
title = {{Engineering geomorphology of rock glaciers}},
volume = {31},
year = {1999}
}
@article{cook1979,
author = {Cook, Frederick A and Albaugh, Dennis S and Brown, Larry D and Kaufman, Sidney and Oliver, Jack E and Hatcher, Robert D},
journal = {Geology},
number = {12},
pages = {563--567},
publisher = {Geological Society of America},
title = {{Thin-skinned tectonics in the crystalline southern Appalachians; COCORP seismic-reflection profiling of the Blue Ridge and Piedmont}},
volume = {7},
year = {1979}
}
@article{lehmann2000,
author = {Frank Lehmann and Alan G. Green},
title = {Topographic migration of georadar data: Implications for acquisition and processing},
journal = {GEOPHYSICS},
volume = {65},
number = {3},
pages = {836-848},
year = {2000},
doi = {10.1190/1.1444781},
}

@article{merz2015a,
author = {Merz, Kaspar and Green, Alan G and Buchli, Thomas and Springman, Sarah M and Maurer, Hansruedi},
journal = {Geophysical Research Letters},
number = {11},
pages = {4464--4472},
publisher = {Wiley Online Library},
title = {{A new 3-D thin-skinned rock glacier model based on helicopter GPR results from the Swiss Alps}},
volume = {42},
year = {2015}
}

@article{merz2016,
author = {Merz, Kaspar and Maurer, Hansruedi and Rabenstein, Lasse and Buchli, Thomas and Springman, Sarah M and Zweifel, Matthias},
journal = {Geophysics},
number = {1},
pages = {WA147----WA157},
publisher = {Society of Exploration Geophysicists},
title = {{Multidisciplinary geophysical investigations over an alpine rock glacier}},
volume = {81},
year = {2016},
doi = {https://doi.org/10.1190/geo2015-0157.1}
}
@article{musil2006,
author = {Musil, Martin and Maurer, Hansruedi and Hollinger, Klaus and Green, Alan G},
journal = {Geophysical Prospecting},
number = {3},
pages = {273--285},
publisher = {Wiley Online Library},
title = {{Internal structure of an alpine rock glacier based on crosshole georadar traveltimes and amplitudes}},
volume = {54},
year = {2006}
}
% Rockglacier end
% ===================================================



%======================================================
%	CASE STUDY: HOOP AREA, BARENTS SEA, NORWAY (ROCK SOLID IMAGES)
%======================================================

@article{Alvarez2015,
author = {Alvarez, Pedro and Bol{\'{i}}var, Francisco and {Di Luca}, Mario and Salinas, Trino},
doi = {10.1190/INT-2015-0029.1},
issn = {2324-8858},
journal = {Interpretation},
number = {4},
pages = {SAE9--SAE18},
title = {{Multi-attribute rotation scheme: A tool for reservoir property prediction from seismic inversion attributes}},
url = {https://library.seg.org/doi/10.1190/INT-2015-0029.1},
volume = {3},
year = {2015}
}

@article{Chen2012,
author = {Chen, J. and Hoversten, G. M.},
doi = {10.1190/geo2011-0219.1},
journal = {Geophysics},
number = {1},
pages = {R65-R80},
title = {{Joint inversion of marine seismic AVA and CSEM data using statistical rock physics and Markov random fields}},
volume = {77},
year = {2012}
}



@article{Constable2010,
author = {Constable, Steven C.},
doi = {10.1190/1.3483451},
isbn = {0016-8033},
issn = {00168033},
journal = {Geophysics},
number = {5},
pages = {75A67},
title = {{Ten years of marine CSEM for hydrocarbon exploration}},
volume = {75},
year = {2010}
}

@misc{Constable1987,
author = {Constable, Steven C. and Parker, Robert L. and Constable, Catherine G.},
booktitle = {Geophysics},
doi = {10.1190/1.1442303},
isbn = {0016-8033},
issn = {1070485X},
number = {3},
pages = {289},
title = {{Occam's inversion: A practical algorithm for generating smooth models from electromagnetic sounding data}},
volume = {52},
year = {1987}
}

@inproceedings{Du2010,
author = {Du, Z. and MacGregor, L.},
booktitle = {SEG Annual Meeting},
title = {{Reservoir Characterization From Joint Inversion of Marine CSEM And Seismic AVA Data Using Genetic Algorithms: a Case Study Based On the Luva Gas Field}},
year = {2010},
location = {Denver, Colorado}
}

@Article{Ellingsrud2002,
  author   = {Ellingsrud, S and Eidesmo, T and Johansen, S and Sinha, M C and MacGregor, L M and Constable, S},
  title    = {{Remote sensing of hydrocarbon layers by seabed logging (SBL): results from a cruise offshore Angola}},
  journal  = {The Leading Edge},
  year     = {2002},
  volume   = {21},
  number   = {10},
  pages    = {972},
  issn     = {1070-485X},
  isbn     = {0016-8033},
  keywords = {gc oceanography,qe geology}
}

@article{Gao2012,
author = {Gao, Guozhong and Abubakar, Aria and Habashy, Tarek M.},
doi = {10.1190/geo2011-0157.1},
issn = {00168033},
journal = {Geophysics},
number = {3},
pages = {WA3},
title = {{Joint petrophysical inversion of electromagnetic and full-waveform seismic data}},
volume = {77},
year = {2012}
}

@Misc{Halland2013,
  Title                    = {{CO2 Storage Atlas - Barents Sea}},
  Author                   = {Halland, E. and Mujezinovi\'{c}, L. and Riis, F.},
  Year                     = {2013},
  Publisher                = {Norwegian Petroleum Directorate}
}

@article{Harris2009,
author = {Harris, Peter and Du, Zhijun and MacGregor, Lucy and Olsen, Wiebke and Shu, Rone and Cooper, Richard},
issn = {02635046},
journal = {First Break},
number = {MAY},
pages = {73--81},
title = {{Joint interpretation of seismic and CSEM data using well log constraints: An example from the Luva Field}},
volume = {27},
year = {2009}
}

@article{MacGregor2014,
author = {MacGregor, Lucy and Tomlinson, James},
doi = {10.1190/INT-2013-0163.1},
issn = {2324-8858},
journal = {Interpretation},
keywords = {Electromagnetics,Exploration,Gas hydrate,Investment,Marine,Petroleum},
number = {3},
pages = {SH13--SH32},
title = {{Marine controlled-source electromagnetic methods in the hydrocarbon industry: A tutorial on method and practice}},
url = {https://library.seg.org/doi/10.1190/INT-2013-0163.1},
volume = {2},
year = {2014}
}

@article{MacGregor2012,
author = {MacGregor, L. M.},
journal = {The Leading Edge},
pages = {268-277},
title = {{Integrating seismic, CSEM and well log data for reservoir characterization}},
year = {2012}
}

@Article{Mazumdar2007,
  author  = {Mazumdar, P.},
  title   = {{Poisson dampening factor}},
  journal = {The Leading Edge},
  year    = {2007},
  volume  = {26},
  pages   = {850-852},
  doi     = {10.1190/1.2756862},
}


@article{Ostrander1984,
author = {Ostrander, W. J.},
journal = {Geophysics},
pages = {1637--1648},
title = {{Plane-wave reflection coefficients for gas sands at non-normal angles of incidence}},
volume = {49},
year = {1984}
}



@article{Simandoux1963,
author = {Simandoux, P.},
journal = {Revue de L'Institut Fran\c{c}ais du P\'{e}trole},
pages = {supplementary issue, 193-215},
title = {{Dielectric measurements in porous media and application to shaly formation}},
volume = {18},
year = {1963}
}

@article{Singleton2009,
author = {Singleton, S.},
journal = {The Leading Edge},
pages = {772-781},
title = {{The effects of seismic data conditioning on prestack simultaneous impedance inversion}},
year = {2009}
}

@article{Tonellot2001,
author = {T. Tonellot and D. Mace and V. Richard},
journal = {SEG Technical Program Expanded Abstract},
title = {{Joint stratigraphic inversion of angle-limited stacks}},
pages = {227-230},
year = {2001},
}


%===========================================
%	ALBANY ARTICLES
%===========================================

@inproceedings{ConlyMoore2015,
author = {Conly, A. G. and Moore, L. C.},
title = {Geology, ore characteristics, and origin or the Albany graphite deposit},
booktitle = {Symposium on Strategic and Critical Materials Proceedings},
address = {Victoria, British Columbia},
year = {2015},
editor = {Simandl, G. J. and Neetz, M.},
pages = {173--185},
month = {November 13-14},
organization = {British Columbia Ministry of Energy and Mines}
}

@article{Duncan1987,
author = {Duncan, A. C.},
journal = {Exploration Geophysics},
title = {{Interpretation of down-hole transient M data current filaments}},
volume = {44},
pages = {6--15},
year = {1987},
}

@techreport{Hickey2015,
title = {Albany graphite air and ground 3D TDEM inversions: Internal presentation},
author = {Hickey, S.},
year = {2015},
institution = {Mira Geosciences Ltd. on the behalf of Zenyatta Ventures Ltd.},
note = {for Zenyatta Ventures Ltd., 83 pages},
}

@manual{Killeen2011,
title = {Exploration Trends and Developments},
author = {Killeen, P.},
year = {2011},
organization = {The Northern Miner},
}

@techreport{Legault2010,
title = {Technical report on the {A}lbany {P}roject, {P}orcupine {M}ining {D}istrict, {O}ntario: {NI} 43-10},
author = {Legault, J. M.},
year = {2010},
institution = {Geotech Ltd.},
note = {for Zenyatta Ventures Ltd., 83 pages},
}

@techreport{RossMasun2014,
title = {Technical report on the Albany graphite deposit, northern Ontario, Canada: NI 43-101 report},
author = {Ross, D. and Masun, K. M.},
year = {2014},
institution = {Roscoe Postle Associates Inc.},
note = {for Zenyatta Ventures Ltd., Project #2156, 113 pages},
}

@techreport{RPA2015,
author = {RPA Inc.},
title = {Technical Report on the Preliminary Economic Assessment of the Albany Graphite Project, Northern Ontario, Canada: NI 43-101},
institution = {RPA Inc.},
year = {2015},
note = {report prepared for Zenyatta Ventures Ltd.},
number = {Project #2248, 224 p.}
}

@manual{Stott2008,
title = {{Precambrian geology of the Hudson Bay and James Bay lowlands region interpreted from aeromagnetic data - south sheet}},
author = {Stott, G. M.},
year = {2008},
organization = {Ontario Geological Survey},
note = {Preliminary Map P.3599, scale 1:500 000},
}

@article{Witherly2004,
author = {Witherly, K. and Irvine, R. and Morrison, E. B.},
journal = {SEG Expanded Abstracts},
title = {{The Geotech VTEM time domain electromagnetic system}},
pages = {1217--1221},
year = {2004},
}

%========================================================
%		NORSEMINDE ARTICLES
%========================================================

@article{Schamper2014,
author = {Schamper, Cyril and J{\o}rgensen, Flemming and Auken, Esben and Effers{\o}, Flemming},
journal = {Geophysics},
number = {4},
pages = {B187--B199},
title = {{Assessment of near-surface mapping capabilities by airborne transient electromagnetic data - An extensive comparison to conventional borehole data}},
volume = {79},
year = {2014},
doi = {https://doi.org/10.1190/geo2013-0256.1}
}


%====================================================
%		KASTED ARTICLES
%====================================================

@article{Hoyer2015,
author = {H{\o}yer, A. S. and J{\o}rgensen, F. and Sandersen, P. B E and Viezzoli, A. and M{\o}ller, I.},
journal = {Journal of Applied Geophysics},
pages = {94--102},
title = {{3D geological modelling of a complex buried-valley network delineated from borehole and AEM data}},
volume = {122},
year = {2015}
}

@unpublished{Vilhelmsen2016,
author = {Vilhelmsen, Troels and Marker, Pernille and Foged, Nikolaj and Wernberg, Thomas and Auken, Esben and Christiansen, Anders Vest and Bauer-Gottwein, Peter and Christensen Steen and H{\o}yer, Anne-Sophie},
title = {A regional scale hydrostratigraphy generated from geophysical data of varying age, type and quality},
note = {This paper is current submitted},
year = {2016}
}


%====================================================
%   IP survey
%====================================================

@article{seigel1959,
author = {Seigel, H.},
title = {{Matehmatical formulation and type curves for induced polarization}},
journal = {Geophysics},
volume = {24},
number = {3},
pages = {547-565},
year = {1959},
doi = {10.1190/1.1438625},
URL = {https://library.seg.org/doi/abs/10.1190/1.1438625}
}

@article{doug1994,
author = {Oldenburg, D. and Li, Y.},
title = {Inversion of induced polarization data},
journal = {Geophysics},
volume = {59},
number = {9},
pages = {1327-1341},
year = {1994},
doi = {10.1190/1.1443692},
URL = {https://library.seg.org/doi/abs/10.1190/1.1443692}
}

@inproceedings{Taylor2014,
author = {Taylor, Craig},
title = {Mine scale description of the mineralization at the Lalor deposit, Snow Lake, Manitoba, Canada},
booktitle = {Exploration for deep VMS ore bodies, the Hudbay Lalor case study: 2014 fall symposium},
year = {2014},
organization = {B.C. Geophysical Society}
}

%============================================
% West Plains References
%============================================

@article{McMillan2015,
author = {McMillan, Michael S. and Schwarzbach, Christoph and Haber, Eldad and Oldenburg, Douglas W.},
issn = {0016-8033},
journal = {Geophysics},
month = {sep},
number = {6},
pages = {K25--K36},
title = {{3D parametric hybrid inversion of time-domain airborne electromagnetic data}},
url = {https://library.seg.org/doi/10.1190/geo2015-0141.1},
volume = {80},
year = {2015},
doi = {https://doi.org/10.1190/geo2015-0141.1}
}
@article{McMillan2014,
author = {McMillan, Michael S and Oldenburg, Douglas W},
journal = {Geophysics},
number = {4},
pages = {B173--B185},
title = {{Cooperative constrained inversion of multiple electromagnetic data sets}},
volume = {79},
year = {2014}
}
@article{Aghasi2011,
author = {Aghasi, Alireza and Kilmer, Misha and Miller, Eric L.},
doi = {10.1137/100800208},
issn = {1936-4954},
journal = {SIAM Journal on Imaging Sciences},
month = {jan},
number = {2},
pages = {618--650},
title = {{Parametric Level Set Methods for Inverse Problems}},
url = {https://epubs.siam.org/doi/abs/10.1137/100800208},
volume = {4},
year = {2011}
}
@article{Kerswill1996,
author = {Kerswill, J. A.},
journal = {Geology of Canadian mineral deposit types. Geology of Canada},
pages = {367--382},
title = {{Iron-formation-hosted stratabound gold}},
volume = {8},
year = {1996}
}

@mastersthesis{rosenkjar2011,
author = {G K Rosenkjar},
title = {{Electromagnetic methods in geothermal exploration. 1D and 3D inversion of TEM and MT data from a synthetic geothermal area and the Hengill geothermal area, SW Iceland}},
school = {University of Iceland},
year = {2011},
}

@Book{simpsonbahr2005,
  Title                    = {Practical Magnetotellurics},
  Author                   = {F Simpson and K Bahr},
  Publisher                = {Cambridge},
  Year                     = {2005}
}

@inproceedings{DevrieseOldenburg2015b,
	author = {S G R Devriese and D W Oldenburg},
	title = {{Time-lapse three-dimensional electromagnetic inversion of growth-impeded SAGD steam chambers}},
	booktitle = {SEG Technical Program Expanded Abstracts 2015},
	pages = {2842-2847},
	year = {2015},
	doi = {https://doi.org/10.1190/segam2015-5909921.1}
}

@phdthesis{holtham2012,
	author = {E Holtham},
	title = {{3D inversion of natural source electromagnetic data}},
	school = {{University of British Columbia}},
	year = {2012},
}

@article{Peacock2010,
	author = {M J Peacock},
	title = {{Athabasca oil sands: reservoir characterization and its impact on thermal and mining opportunities}},
	journal = {Petroleum Geology Conference Series},
	volume = {7},
	pages = {1141-1150},
	year = {2010}
}

@article{holthamoldenburg2012,
	author = {E Holtham and D W Oldenburg},
	title = {{Large-scale inversion of ZTEM data}},
	journal = {Geophysics},
	volume = {77},
	pages = {WD37-WB45},
	year = {2012},
	doi = {https://doi.org/10.1190/geo2011-0367.1}
}

@article{mansure1993,
	author = {A J Mansure and R F Meldau and H V Weyland},
	title = {{Field Examples of Electrical Resistivity Changes During Steamflooding}},
	journal = {SPE Formation Evaluation},
	volume = {8},
	pages = {57-64},
	year = {1993}
}

@article{martinez2012,
	author = {F J Martinez and M L Batzle and A Revil},
	title = {{Influence of temperature on seismic velocities and complex conductivity of heavy oil-bearing sands}},
	journal = {Geophysics},
	volume = {77},
	pages = {WA19-WA34},
	year = {2012}
}

%============================================
% wadi Sahba References
%============================================

@article{colombo2016,
	author = {Colombo, Daniele and McNeice, Gary and Rovetta, Diego and Sandoval-Curiel, Ernesto and Turkoglu, Ersan and Sena, Armando},
	title = {{High-resolution velocity modeling by seismic-airborne TEM joint inversion: A new perspective for near-surface characterization}},
	journal = {The Leading Edge},
	volume = {35},
	number = {11},
	pages = {977--985},
	year = {2016},
	doi = {https://doi.org/10.1190/tle35110977.1}
}


%============================================
% Saurashtra LOTEM References
%============================================

@article{strackpandey2007,
	author = {Strack, K. M. and Pandey, P. B.},
	title = {{Exploration with controlled-source electromagnetics under basalt cover in India}},
	journal = {The Leading Edge},
	volume = {26},
	number = {3},
	pages = {360--363},
	year = {2007},
	doi = {https://doi.org/10.1190/1.2715056}
}

@Article{DevrieseTKC2017,
  author  = {Sarah G R Devriese and Kritofer Davis and Douglas W Oldenburg},
  title   = {Inversion of airborne geophysics over the DO-27/DO-18 kimberlites - Part 1: Potential fields},
  journal = {Interpretation},
  year    = {2017},
  volume  = {5},
  number  = {3},
  pages   = {299-311},
  month   = {August},
}

@Article{FournierTKC2017,
  author  = {Dominique Fournier and Seogi Kang and Micheal S. McMillan and Douglas W Oldenburg},
  title   = {Inversion of airborne geophysics over the DO-27/DO-18 kimberlites - Part 2: Electromagnetics},
  journal = {Interpretation},
  year    = {2017},
  volume  = {5},
  number  = {3},
  pages   = {397-409},
  month   = {August},
}

@Article{KangTKC2017,
  author  = {Seogi Kang and Dominique Fournier and Douglas W. Oldenburg},
  title   = {Inversion of airborne geophysics over the DO-27/DO-18 kimberlites - Part 3: Induced polarization},
  journal = {Interpretation},
  year    = {2017},
  volume  = {5},
  number  = {3},
  pages   = {345-358},
  month   = {August},
}

@InProceedings{Coopersmith2006,
  author    = {H Coopersmith and J Pell and B {Scott Smith}},
  title     = {{The importance of kimberlite geology in diamond deposit evaluation: A case study from the DO27/DO18 kimberlite, NWT, Canada}},
  booktitle = {2006 Kimberlite Emplacement Workshop, Saskatoon},
  year      = {2006},
}

@InProceedings{Doyle1999,
  author    = {B J Doyle and K Kivi and B H Scott Smith},
  title     = {{The Tli Kwi Cho (DO27 and DO18) Diamondiferous Kimberlite Complex, Northwest Territories, Canada}},
  booktitle = {Proceedings of the VIIth International Kimberlite Conference},
  year      = {1999},
  pages     = {194-204},
}


%============================================
% Red Sea References
%============================================

@article{Colombo2014,
	author = {Colombo, D. and McNeice, G. and Raterman, N. and Zinger, M. and Rovetta, D. and Curiel, E. S.},
	title = {{Exploration beyond seismic: The role of electromagnetics and gravity gradiometry in deep water subsalt plays of the Red Sea}},
	journal = {Interpretation},
	volume = {2},
	number = {3},
	pages = {SH33--SH53},
	year = {2014},
	doi = {https://doi.org/10.1190/INT-2013-0149.1}
}

@article{Colombo2013,
	author = {Colombo, D. and McNeice, G. and Curiel, E. S. and Fox, A.},
	title = {{Full tensor CSEM and MT for subsalt structural imaging in the Red Sea: Implications for seismic and electromagnetic integration}},
	journal = {The Leading Edge},
	volume = {32},
	number = {4},
	pages = {436--449},
	year = {2013},
	doi = {https://doi.org/10.1190/tle32040436.1}
}

%============================================
% TKC References
%============================================

@TechReport{Eggleston2008,
  author      = {T Eggleston and K Brisebois},
  title       = {{DO-27 Diamond Project, Northwest Territories, Canada.}},
  institution = {AMEC},
  year        = {2008},
  type        = {NI 43-101 Report},
  month       = {August},
  owner       = {dominiquef},
  timestamp   = {2015.06.25}
}

@InProceedings{Harder2008,
  author    = {M Harder and C M Hetman and M C Baumgartner and J Pell},
  title     = {{The Preliminary Geology of the DO-18 Kimberlite, Lac de Gras Kimberlite Province, Canada}},
  booktitle = {9th International Kimberlite Conference},
  year      = {2008}
}

@InProceedings{Harder2008a,
  author    = {M Harder and C M Hetman and B H Scott Smith and J Pell},
  title     = {{The evolution of geological models for the DO-27 kimberlite, NWT, Canada: implications for evaluation}},
  booktitle = {9th International Kimberlite Conference},
  year      = {2008}
}

@Article{Harder2009,
  author  = {M Harder and B H {Scott Smith} and C M Hetman and J Pell},
  title   = {{The evolution of geological models for the DO-27 kimberlite, NWT, Canada: Implications for evaluation}},
  journal = {Lithos},
  year    = {2009},
  volume  = {112},
  pages   = {61-72}
}

@InProceedings{Jansen2004,
  author    = {J Jansen and K Witherly},
  title     = {{The Tli Kwi Cho Kimberlite Complex, Northwest Territories, Canada: A Geophysical Case Study}},
  booktitle = {2004 SEG Annual Meeting},
  year      = {2004}
}

@MastersThesis{Masun1999,
  author    = {K M Masun},
  title     = {{The petrography and mineralogy of the Lac de Gras kimberlite field, Slave Province, Northwest Territories: A comparative study}},
  school    = {Department of Geology, Lakehead University},
  year      = {1999},
  type      = {Master of Science},
  month     = {November},
  owner     = {dominiquef},
  timestamp = {2015.06.25}
}

@Article{McClenaghan2002,
  author    = {M B McClenaghan and B C Ward and I M Kjardsgaard and D E Kerr and L A Dredge},
  title     = {{Indicator mineral and till geochemical dispersal patterns associated with the Ranch Lake kimberlite, Lac de Gras region, NWT, Canada}},
  journal   = {Geochemistry: Exploration, Environment, Analysis},
  year      = {2002},
  volume    = {2},
  pages     = {299-320},
  owner     = {dominiquef},
  timestamp = {2015.06.24}
}

@Article{Pell1997,
  author    = {J A Pell},
  title     = {{Kimberlite in the Slave Craton, Northwest Territories, Canada}},
  journal   = {Geoscience Canada},
  year      = {1997},
  volume    = {24},
  number    = {2},
  pages     = {77-90},
  owner     = {dominiquef},
  timestamp = {2015.06.24}
}

@InProceedings{Power2007,
  author    = {M Power and D Hildes},
  title     = {{Geophysical strategies for kimberlite exploration in northern Canada}},
  booktitle = {Proceedings of Exploration '07: Fifth Decennial International Conference on Mineral Exploration},
  year      = {2007},
  pages     = {1025-1031}
}

@InProceedings{Reed2007,
  author    = {L E Reed and K E Witherly},
  title     = {50 years of kimberlite geophysics, a review},
  booktitle = {Proceedings of Exploration 07: Fifth Decennial International Conference on Mineral Exploration},
  year      = {2007},
  editor    = {B Milkereit},
  pages     = {679-689},
  journal   = {Ore Deposits and Exploration Technology},
  owner     = {dominiquef},
  timestamp = {2015.06.25}
}

@Article{Weidelt1982,
  author    = {P Weidelt},
  title     = {Response characteristics of coincident loop transient electromagnetic systems},
  journal   = {Geophysics},
  year      = {1982},
  volume    = {47},
  number    = {9},
  pages     = {1325-1330},
  month     = {September},
  owner     = {dominiquef},
  timestamp = {2015.06.25}
}

@TechReport{Golder2014,
  author      = {{Golder Associated Ltd.}},
  title       = {{Permafrost baseline report for the Jay Project}},
  institution = {Dominion Diamond Ekati Corporation},
  year        = {2014},
  type        = {Technical Report},
  owner       = {Dominion Diamond Ekati Corporation}
}

@Article{Grimm2015,
  author  = {Robert E. Grimm and David E. Stillman},
  title   = {{Field test of detection and characterisation of subsurface ice using broadband spectral-induced polarisation}},
  journal = {Permafrost and Periglacial Processes},
  year    = {2015},
  volume  = {26},
  pages   = {28-38}
}

@Article{yangoldenburg2017,
  author  = {Dikun Yang and Douglas W. Oldenburg},
  title   = {3D inversion of total magnetic intensity data for time-domain EM at the Lalor massive sulphide deposit},
  journal = {Exploration Geophysics},
  year    = {2017},
  volume  = {48},
  number  = {2},
  pages   = {110-123},
  doi = {https://doi.org/10.1071/EG15070}
}

@Article{Clark1983,
  author    = {D A Clark},
  title     = {Comments on magnetic petrophysics},
  journal   = {Bulletin of the Australian Society of Exploration Geophysicists},
  year      = {1983},
  volume    = {14},
  pages     = {49 - 62},
  doi       = {10.1071/EG983049},
  issue     = {2},
  keywords  = {remenant magnetization, Koenigsberger, superparamagnetic},
  owner     = {kdavis},
  timestamp = {2015.07.03}
}

@Article{Hargraves1989,
  author    = {R B Hargraves},
  title     = {Paleomagnetism of Mesozoic kimberlites in {S}outhern {A}frica and the {C}retaceous apparent polar wander curve for {A}frica},
  journal   = {Journal of Geophysical Research},
  year      = {1989},
  volume    = {94},
  number    = {B2},
  pages     = {1851-1866},
  owner     = {kdavis},
  timestamp = {2015.07.03}
}

@Article{Keating2004,
  author    = {Pierre Keating and Pascal Sailhac},
  title     = {Use of the analytic signal to identify magnetic anomalies due to kimberlite pipes},
  journal   = {Geophysics},
  year      = {2004},
  volume    = {69},
  number    = {1},
  pages     = {180-190},
  owner     = {kdavis},
  timestamp = {2015.07.03}
}

@InProceedings{Kjarsgaard2007,
  author    = {B A Kjarsgaard},
  title     = {{Kimberlite Pipe Models: Significance for Exploration}},
  booktitle = {{Proceedings of Exploration '07: Fifth Decennial International Conference on Mineral Exploration}},
  year      = {2007},
  editor    = {B Milkereit},
  pages     = {667-677},
  owner     = {kdavis},
  timestamp = {2016.05.06}
}

@Article{Macnae1985,
  author    = {J Macnae},
  title     = {Applications of geophysics for the detection and exploration of kimberlites and lamproites},
  journal   = {Journal of Geochemical Exploration},
  year      = {1985},
  volume    = {53},
  pages     = {213-243},
  owner     = {kdavis},
  timestamp = {2015.07.03}
}

% Airborne IP

@Article{Kang2016,
  author  = {Kang, Seogi and Oldenburg, Douglas W.},
  title   = {On recovering distributed IP information from inductive source time domain electromagnetic data},
  journal = {Geophysical Journal International},
  year    = {2016},
  volume  = {207},
  number  = {1},
  pages   = {174-196},
  doi     = {10.1093/gji/ggw256}
}

@Article{Kratzer2012,
  author    = {Kratzer, T and Macnae, J},
  title     = {{Induced polarization in airborne EM}},
  journal   = {Geophysics},
  year      = {2012},
  volume    = {77},
  number    = {5},
  pages     = {E317--E327},
  doi       = {10.1190/geo2011-0492.1},
  isbn      = {0016-8033},
  publisher = {Society of Exploration Geophysicists}
}

@Article{Kozhevnikov2012,
  author   = {N.O. Kozhevnikov and E.Yu. Antonov},
  title    = {Fast-decaying inductively induced polarization in frozen ground: A synthesis of results and models},
  journal  = {Journal of Applied Geophysics},
  year     = {2012},
  volume   = {82},
  pages    = {171 - 183},
  issn     = {0926-9851},
  doi      = {10.1016/j.jappgeo.2012.03.008},
  keywords = {\{TEM\} surveys, Induced polarization, Frozen ground, Low-frequency dielectric permittivity, Electrochemical polarization, Surface conductance },
  url      = {https://www.sciencedirect.com/science/article/pii/S0926985112000626}
}

@InProceedings{Kang2014,
  author    = {Kang, S and Oldenburg, D and Yang, D and Marchant, D},
  title     = {{On recovering induced polarization information from airborne time domain EM data}},
  booktitle = {SEG Technical Program Expanded Abstracts 2014},
  year      = {2014},
  pages     = {1785--1789},
  month     = {aug},
  publisher = {Society of Exploration Geophysicists},
  annote    = {doi:10.1190/segam2014-1381.1},
  doi       = {10.1190/segam2014-1381.1}
}

@Article{El-Kaliouby2004,
  author  = {El-Kaliouby, H and Eldiwany, E},
  title   = {{Transient electromagnetic responses of 3D polarizable body}},
  journal = {Geophysics},
  year    = {2004},
  volume  = {69},
  number  = {2},
  pages   = {426--430},
  doi     = {10.1190/1.1707062}
}

@Article{Flores2009,
  author    = {Flores, Carlos and Peralta-Ortega, Sergio A.},
  title     = {{Induced polarization with in-loop transient electromagnetic soundings: A case study of mineral discrimination at El Arco porphyry copper, Mexico}},
  journal   = {Journal of Applied Geophysics},
  year      = {2009},
  volume    = {68},
  number    = {3},
  pages     = {423--436},
  issn      = {09269851},
  doi       = {10.1016/j.jappgeo.2009.03.009},
  isbn      = {0926-9851},
  keywords  = {Induced polarization,Mineral discrimination,Porphyry copper,Transient electromagnetic soundings},
  publisher = {Elsevier B.V.}
}

@Article{Buchan2009,
  author        = {K L Buchan and A N LeCheminant and O van Breemen},
  title         = {{Paleomagnetism and U-Pb geochronology of the Lac de Gras diabase dyke swarm, Slave Province Canada: Implications for relative drift of Slave and Superior provinces in the Paleoproterozoic}},
  journal       = {Canadian Journal of Earth Sciences},
  year          = {2009},
  volume        = {46},
  pages         = {361-379},
  note          = {NRC Research Press},
  timestamp     = {2015.05.13}
}

@Article{Englemark2014,
  author  = {F Engermark and Johan Mattson and Allan McKay and Zhijun Du},
  title   = {Towed streamer EM comes of age},
  journal = {First Break},
  year    = {2014},
  volume  = {32},
  number  = {4}
}

@InProceedings{Key2014,
  author    = {K Key and Z Du and J Mattsson and A McKay and J Midgley},
  title     = {Anisotropic 2.5D inversion of Towed Streamer EM data from three North Sea fields using parallel adaptive finite elements},
  booktitle = {76th Annual International Conference and Exhibition},
  year      = {2014},
  publisher = {EAGE}
}

